%YAML 1.1
%TAG !u! tag:unity3d.com,2011:
--- !u!1 &113338
GameObject:
  m_ObjectHideFlags: 0
  m_PrefabParentObject: {fileID: 0}
  m_PrefabInternal: {fileID: 100100000}
  serializedVersion: 4
  m_Component:
  - 4: {fileID: 448242}
  - 212: {fileID: 21219768}
  - 60: {fileID: 6007468}
  m_Layer: 17
  m_Name: Police
  m_TagString: Untagged
  m_Icon: {fileID: 0}
  m_NavMeshLayer: 0
  m_StaticEditorFlags: 0
  m_IsActive: 1
--- !u!1 &161600
GameObject:
  m_ObjectHideFlags: 0
  m_PrefabParentObject: {fileID: 0}
  m_PrefabInternal: {fileID: 100100000}
  serializedVersion: 4
  m_Component:
  - 4: {fileID: 413144}
  - 212: {fileID: 21259278}
  - 60: {fileID: 6067094}
  m_Layer: 17
  m_Name: Lady
  m_TagString: Untagged
  m_Icon: {fileID: 0}
  m_NavMeshLayer: 0
  m_StaticEditorFlags: 0
  m_IsActive: 1
--- !u!1 &162722
GameObject:
  m_ObjectHideFlags: 0
  m_PrefabParentObject: {fileID: 0}
  m_PrefabInternal: {fileID: 100100000}
  serializedVersion: 4
  m_Component:
  - 4: {fileID: 476280}
  m_Layer: 17
  m_Name: HumanObstacles
  m_TagString: Untagged
  m_Icon: {fileID: 0}
  m_NavMeshLayer: 0
  m_StaticEditorFlags: 0
  m_IsActive: 1
--- !u!1 &179746
GameObject:
  m_ObjectHideFlags: 0
  m_PrefabParentObject: {fileID: 0}
  m_PrefabInternal: {fileID: 100100000}
  serializedVersion: 4
  m_Component:
  - 4: {fileID: 467522}
  - 212: {fileID: 21233002}
  - 60: {fileID: 6044722}
  m_Layer: 17
  m_Name: Fan
  m_TagString: Untagged
  m_Icon: {fileID: 0}
  m_NavMeshLayer: 0
  m_StaticEditorFlags: 0
  m_IsActive: 1
--- !u!1 &190466
GameObject:
  m_ObjectHideFlags: 0
  m_PrefabParentObject: {fileID: 0}
  m_PrefabInternal: {fileID: 100100000}
  serializedVersion: 4
  m_Component:
  - 4: {fileID: 497770}
  - 212: {fileID: 21253458}
  - 60: {fileID: 6095222}
  m_Layer: 17
  m_Name: Biker
  m_TagString: Untagged
  m_Icon: {fileID: 0}
  m_NavMeshLayer: 0
  m_StaticEditorFlags: 0
  m_IsActive: 1
--- !u!4 &413144
Transform:
  m_ObjectHideFlags: 1
  m_PrefabParentObject: {fileID: 0}
  m_PrefabInternal: {fileID: 100100000}
  m_GameObject: {fileID: 161600}
  m_LocalRotation: {x: 0, y: 0, z: 0, w: 1}
  m_LocalPosition: {x: 45.6899986, y: -.360000014, z: 0}
  m_LocalScale: {x: .5, y: .5, z: .25}
  m_Children: []
  m_Father: {fileID: 476280}
  m_RootOrder: 1
--- !u!4 &448242
Transform:
  m_ObjectHideFlags: 1
  m_PrefabParentObject: {fileID: 0}
  m_PrefabInternal: {fileID: 100100000}
  m_GameObject: {fileID: 113338}
  m_LocalRotation: {x: 0, y: 0, z: 0, w: 1}
  m_LocalPosition: {x: 34.0600014, y: -.280000001, z: 0}
  m_LocalScale: {x: .5, y: .5, z: .25}
  m_Children: []
  m_Father: {fileID: 476280}
  m_RootOrder: 2
--- !u!4 &467522
Transform:
  m_ObjectHideFlags: 1
  m_PrefabParentObject: {fileID: 0}
  m_PrefabInternal: {fileID: 100100000}
  m_GameObject: {fileID: 179746}
  m_LocalRotation: {x: 0, y: 0, z: 0, w: 1}
  m_LocalPosition: {x: 23.25, y: 0, z: 0}
  m_LocalScale: {x: .5, y: .5, z: .25}
  m_Children: []
  m_Father: {fileID: 476280}
  m_RootOrder: 3
--- !u!4 &476280
Transform:
  m_ObjectHideFlags: 1
  m_PrefabParentObject: {fileID: 0}
  m_PrefabInternal: {fileID: 100100000}
  m_GameObject: {fileID: 162722}
  m_LocalRotation: {x: 0, y: 0, z: 0, w: 1}
  m_LocalPosition: {x: 39.2099991, y: -2.16000009, z: 0}
  m_LocalScale: {x: .485858083, y: .485858083, z: .485858083}
  m_Children:
  - {fileID: 497770}
  - {fileID: 413144}
  - {fileID: 448242}
  - {fileID: 467522}
  m_Father: {fileID: 0}
  m_RootOrder: 0
--- !u!4 &497770
Transform:
  m_ObjectHideFlags: 1
  m_PrefabParentObject: {fileID: 0}
  m_PrefabInternal: {fileID: 100100000}
  m_GameObject: {fileID: 190466}
  m_LocalRotation: {x: 0, y: 0, z: 0, w: 1}
  m_LocalPosition: {x: 9.68999958, y: -.360000014, z: 0}
  m_LocalScale: {x: .5, y: .5, z: .25}
  m_Children: []
  m_Father: {fileID: 476280}
  m_RootOrder: 0
--- !u!60 &6007468
PolygonCollider2D:
  m_ObjectHideFlags: 1
  m_PrefabParentObject: {fileID: 0}
  m_PrefabInternal: {fileID: 100100000}
  m_GameObject: {fileID: 113338}
  m_Enabled: 1
  m_Material: {fileID: 0}
  m_IsTrigger: 0
  m_UsedByEffector: 0
  m_Offset: {x: 0, y: 0}
  m_Points:
    m_Paths:
    - - {x: .409999996, y: .579999983}
      - {x: .560000002, y: .99000001}
      - {x: .589999974, y: 1.10000002}
      - {x: .680000007, y: .99000001}
      - {x: .709999979, y: .99000001}
      - {x: .810000002, y: 1.09000003}
      - {x: .829999983, y: 1.21000004}
      - {x: .810000002, y: 1.28999996}
      - {x: .899999976, y: 1.45000005}
      - {x: .899999976, y: 2}
      - {x: .829999983, y: 2.18000007}
      - {x: .74000001, y: 2.36999989}
      - {x: .550000012, y: 2.46000004}
      - {x: .360000014, y: 2.55999994}
      - {x: .430000007, y: 2.63000011}
      - {x: .479999989, y: 2.71000004}
      - {x: .560000002, y: 2.82999992}
      - {x: .649999976, y: 3.00999999}
      - {x: .610000014, y: 3.13000011}
      - {x: .529999971, y: 3.1500001}
      - {x: .600000024, y: 3.25999999}
      - {x: .839999974, y: 3.3599999}
      - {x: .860000014, y: 3.3900001}
      - {x: .860000014, y: 3.4000001}
      - {x: .709999979, y: 3.55999994}
      - {x: .680000007, y: 3.72000003}
      - {x: .649999976, y: 3.76999998}
      - {x: .310000002, y: 3.88000011}
      - {x: .140000001, y: 3.96000004}
      - {x: 0, y: 3.96000004}
      - {x: -.150000006, y: 3.92000008}
      - {x: -.239999995, y: 3.9000001}
      - {x: -.389999986, y: 3.81999993}
      - {x: -.529999971, y: 3.58999991}
      - {x: -.550000012, y: 3.52999997}
      - {x: -.430000007, y: 3.45000005}
      - {x: -.449999988, y: 3.3599999}
      - {x: -.379999995, y: 3.21000004}
      - {x: -.379999995, y: 3.06999993}
      - {x: -.419999987, y: 2.92000008}
      - {x: -.460000008, y: 2.74000001}
      - {x: -.360000014, y: 2.54999995}
      - {x: -.649999976, y: 2.47000003}
      - {x: -.699999988, y: 2.45000005}
      - {x: -.899999976, y: 1.95000005}
      - {x: -.899999976, y: 1.47000003}
      - {x: -.819999993, y: 1.29999995}
      - {x: -.850000024, y: 1.22000003}
      - {x: -.850000024, y: 1.15999997}
      - {x: -.75, y: 1.02999997}
      - {x: -.629999995, y: 1.04999995}
      - {x: -.589999974, y: 1.13}
      - {x: -.600000024, y: 1.16999996}
      - {x: -.610000014, y: 1.17999995}
      - {x: -.610000014, y: 1.21000004}
      - {x: -.589999974, y: 1.13999999}
      - {x: -.540000021, y: .74000001}
      - {x: -.400000006, y: .589999974}
      - {x: -.349999994, y: .519999981}
      - {x: -.230000004, y: .180000007}
      - {x: -.360000014, y: .0900000036}
      - {x: -.330000013, y: .0299999993}
      - {x: -.219999999, y: .00999999978}
      - {x: -.0199999996, y: .0599999987}
      - {x: .00999999978, y: .119999997}
      - {x: .140000001, y: .0199999996}
      - {x: .219999999, y: 0}
      - {x: .400000006, y: 0}
      - {x: .419999987, y: .0399999991}
      - {x: .419999987, y: .0700000003}
      - {x: .280000001, y: .189999998}
    - - {x: .620000005, y: 1.38999999}
      - {x: .620000005, y: 1.44000006}
      - {x: .629999995, y: 1.45000005}
      - {x: .629999995, y: 1.5}
      - {x: .620000005, y: 1.50999999}
      - {x: .620000005, y: 1.63999999}
      - {x: .610000014, y: 1.67999995}
      - {x: .600000024, y: 1.73000002}
      - {x: .620000005, y: 1.63999999}
      - {x: .620000005, y: 1.61000001}
      - {x: .610000014, y: 1.60000002}
      - {x: .610000014, y: 1.54999995}
      - {x: .620000005, y: 1.53999996}
      - {x: .629999995, y: 1.35000002}
      - {x: .639999986, y: 1.36000001}
--- !u!60 &6044722
PolygonCollider2D:
  m_ObjectHideFlags: 1
  m_PrefabParentObject: {fileID: 0}
  m_PrefabInternal: {fileID: 100100000}
  m_GameObject: {fileID: 179746}
  m_Enabled: 1
  m_Material: {fileID: 0}
  m_IsTrigger: 0
  m_UsedByEffector: 0
  m_Offset: {x: 0, y: 0}
  m_Points:
    m_Paths:
    - - {x: .155000001, y: .550000012}
      - {x: .224999994, y: .720000029}
      - {x: .284999996, y: .720000029}
      - {x: .264999986, y: .569999993}
      - {x: .294999987, y: .560000002}
      - {x: .564999998, y: .610000014}
      - {x: .625, y: .50999999}
      - {x: .675000012, y: .430000007}
      - {x: .795000017, y: .50999999}
      - {x: .875, y: .540000021}
      - {x: 1.01499999, y: .519999981}
      - {x: 1.11500001, y: .50999999}
      - {x: 1.17499995, y: .639999986}
      - {x: 1.19500005, y: .980000019}
      - {x: 1.255, y: 1.10000002}
      - {x: 1.30499995, y: 1.23000002}
      - {x: 1.30499995, y: 1.32000005}
      - {x: 1.005, y: 1.61000001}
      - {x: .774999976, y: 1.89999998}
      - {x: .564999998, y: 2.0999999}
      - {x: .504999995, y: 2.1500001}
      - {x: .305000007, y: 2.26999998}
      - {x: .305000007, y: 2.31999993}
      - {x: .294999987, y: 2.58999991}
      - {x: .284999996, y: 2.78999996}
      - {x: .254999995, y: 2.95000005}
      - {x: .0250000004, y: 3.28999996}
      - {x: -.0549999997, y: 3.4000001}
      - {x: -.254999995, y: 3.45000005}
      - {x: -.414999992, y: 3.47000003}
      - {x: -.564999998, y: 3.5999999}
      - {x: -.504999995, y: 3.71000004}
      - {x: -.395000011, y: 3.86999989}
      - {x: -.395000011, y: 3.96000004}
      - {x: -.455000013, y: 3.98000002}
      - {x: -.455000013, y: 4.05999994}
      - {x: -.305000007, y: 4.30000019}
      - {x: -.335000008, y: 4.38000011}
      - {x: -.495000005, y: 4.38000011}
      - {x: -.514999986, y: 4.36999989}
      - {x: -.665000021, y: 4.17000008}
      - {x: -.764999986, y: 4.15999985}
      - {x: -.764999986, y: 4.26999998}
      - {x: -.814999998, y: 4.3499999}
      - {x: -.875, y: 4.32999992}
      - {x: -.944999993, y: 4.1500001}
      - {x: -.88499999, y: 3.9000001}
      - {x: -.785000026, y: 3.68000007}
      - {x: -.725000024, y: 3.47000003}
      - {x: -.764999986, y: 3.43000007}
      - {x: -.875, y: 3.28999996}
      - {x: -.904999971, y: 3.21000004}
      - {x: -.985000014, y: 2.96000004}
      - {x: -.975000024, y: 2.63000011}
      - {x: -.894999981, y: 2.30999994}
      - {x: -.86500001, y: 2.25}
      - {x: -.764999986, y: 2.17000008}
      - {x: -.644999981, y: 2.1099999}
      - {x: -.824999988, y: 1.99000001}
      - {x: -.995000005, y: 1.79999995}
      - {x: -1.04499996, y: 1.65999997}
      - {x: -.985000014, y: 1.61000001}
      - {x: -1.01499999, y: 1.47000003}
      - {x: -.964999974, y: 1.35000002}
      - {x: -.944999993, y: 1.14999998}
      - {x: -.904999971, y: 1.09000003}
      - {x: -1.03499997, y: .879999995}
      - {x: -1.17499995, y: .649999976}
      - {x: -1.17499995, y: .620000005}
      - {x: -.975000024, y: .370000005}
      - {x: -1.06500006, y: .200000003}
      - {x: -1.10500002, y: .189999998}
      - {x: -1.20500004, y: .170000002}
      - {x: -1.29499996, y: .140000001}
      - {x: -1.30499995, y: .119999997}
      - {x: -1.30499995, y: .0700000003}
      - {x: -1.255, y: .0399999991}
      - {x: -.975000024, y: .0199999996}
      - {x: -.704999983, y: .00999999978}
      - {x: -.584999979, y: .0399999991}
      - {x: -.555000007, y: .0599999987}
      - {x: -.514999986, y: .129999995}
      - {x: -.535000026, y: .189999998}
      - {x: -.925000012, y: .660000026}
      - {x: -.764999986, y: .75}
      - {x: -.63499999, y: .790000021}
      - {x: -.275000006, y: .720000029}
      - {x: -.204999998, y: .579999983}
      - {x: -.0649999976, y: .439999998}
      - {x: .0450000018, y: .219999999}
      - {x: -.0949999988, y: .0399999991}
      - {x: -.0850000009, y: 0}
      - {x: .314999998, y: 0}
      - {x: .405000001, y: .0299999993}
      - {x: .455000013, y: .0500000007}
      - {x: .354999989, y: .330000013}
--- !u!60 &6067094
PolygonCollider2D:
  m_ObjectHideFlags: 1
  m_PrefabParentObject: {fileID: 0}
  m_PrefabInternal: {fileID: 100100000}
  m_GameObject: {fileID: 161600}
  m_Enabled: 1
  m_Material: {fileID: 0}
  m_IsTrigger: 0
  m_UsedByEffector: 0
  m_Offset: {x: 0, y: 0}
  m_Points:
    m_Paths:
    - - {x: .0299999993, y: .479999989}
      - {x: .0799999982, y: .439999998}
      - {x: .100000001, y: .389999986}
      - {x: .270000011, y: .140000001}
      - {x: .360000014, y: .0299999993}
      - {x: .400000006, y: .0399999991}
      - {x: .389999986, y: .140000001}
      - {x: .319999993, y: .230000004}
      - {x: .239999995, y: .370000005}
      - {x: .200000003, y: .560000002}
      - {x: .189999998, y: .569999993}
      - {x: .189999998, y: .930000007}
      - {x: .180000007, y: .959999979}
      - {x: .0799999982, y: 1.15999997}
      - {x: .170000002, y: 1.29999995}
      - {x: .25, y: 1.44000006}
      - {x: .270000011, y: 1.5}
      - {x: .389999986, y: 1.65999997}
      - {x: .400000006, y: 1.70000005}
      - {x: .419999987, y: 1.85000002}
      - {x: .400000006, y: 2.02999997}
      - {x: .379999995, y: 2.17000008}
      - {x: .639999986, y: 2.13000011}
      - {x: .769999981, y: 2.13000011}
      - {x: .790000021, y: 2.16000009}
      - {x: .75999999, y: 2.28999996}
      - {x: .839999974, y: 2.27999997}
      - {x: .879999995, y: 2.38000011}
      - {x: .879999995, y: 2.47000003}
      - {x: .779999971, y: 2.63000011}
      - {x: .75, y: 2.72000003}
      - {x: .790000021, y: 2.78999996}
      - {x: .850000024, y: 2.92000008}
      - {x: .879999995, y: 3.00999999}
      - {x: .879999995, y: 3.22000003}
      - {x: .829999983, y: 3.3499999}
      - {x: .75999999, y: 3.49000001}
      - {x: .689999998, y: 3.55999994}
      - {x: .550000012, y: 3.6500001}
      - {x: .460000008, y: 3.68000007}
      - {x: .379999995, y: 3.69000006}
      - {x: .280000001, y: 3.81999993}
      - {x: .129999995, y: 3.8499999}
      - {x: -.109999999, y: 3.8499999}
      - {x: -.239999995, y: 3.81999993}
      - {x: -.349999994, y: 3.75}
      - {x: -.540000021, y: 3.6400001}
      - {x: -.610000014, y: 3.56999993}
      - {x: -.75, y: 3.44000006}
      - {x: -.850000024, y: 3.25}
      - {x: -.879999995, y: 3.11999989}
      - {x: -.879999995, y: 2.95000005}
      - {x: -.819999993, y: 2.76999998}
      - {x: -.74000001, y: 2.67000008}
      - {x: -.600000024, y: 2.53999996}
      - {x: -.649999976, y: 2.48000002}
      - {x: -.660000026, y: 2.32999992}
      - {x: -.629999995, y: 2.23000002}
      - {x: -.610000014, y: 2.20000005}
      - {x: -.560000002, y: 2.1500001}
      - {x: -.460000008, y: 2.0999999}
      - {x: -.519999981, y: 2.00999999}
      - {x: -.550000012, y: 1.95000005}
      - {x: -.529999971, y: 1.84000003}
      - {x: -.49000001, y: 1.69000006}
      - {x: -.389999986, y: 1.42999995}
      - {x: -.289999992, y: 1.14999998}
      - {x: -.300000012, y: .970000029}
      - {x: -.170000002, y: .680000007}
      - {x: -.119999997, y: .540000021}
      - {x: -.0399999991, y: .340000004}
      - {x: -.0599999987, y: .340000004}
      - {x: -.119999997, y: .129999995}
      - {x: -.150000006, y: .00999999978}
      - {x: -.150000006, y: 0}
      - {x: -.0700000003, y: 0}
      - {x: .0299999993, y: .0299999993}
      - {x: .0900000036, y: .109999999}
      - {x: .109999999, y: .25999999}
      - {x: .0500000007, y: .400000006}
--- !u!60 &6095222
PolygonCollider2D:
  m_ObjectHideFlags: 1
  m_PrefabParentObject: {fileID: 0}
  m_PrefabInternal: {fileID: 100100000}
  m_GameObject: {fileID: 190466}
  m_Enabled: 1
  m_Material: {fileID: 0}
  m_IsTrigger: 0
  m_UsedByEffector: 0
  m_Offset: {x: 0, y: 0}
  m_Points:
    m_Paths:
    - - {x: -.125, y: .529999971}
      - {x: .115000002, y: .540000021}
      - {x: .144999996, y: .5}
      - {x: .155000001, y: .119999997}
      - {x: .254999995, y: 0}
      - {x: .314999998, y: 0}
      - {x: .335000008, y: .0199999996}
      - {x: .324999988, y: .0599999987}
      - {x: .234999999, y: .219999999}
      - {x: .234999999, y: .550000012}
      - {x: .574999988, y: .680000007}
      - {x: .625, y: .699999988}
      - {x: .875, y: .939999998}
      - {x: .915000021, y: 1.00999999}
      - {x: 1.01499999, y: .930000007}
      - {x: 1.05499995, y: .930000007}
      - {x: 1.09500003, y: .980000019}
      - {x: 1.09500003, y: 1.51999998}
      - {x: 1.08500004, y: 1.71000004}
      - {x: 1.02499998, y: 1.99000001}
      - {x: .944999993, y: 2.44000006}
      - {x: .875, y: 2.54999995}
      - {x: .675000012, y: 2.81999993}
      - {x: .514999986, y: 3.08999991}
      - {x: .485000014, y: 3.25}
      - {x: .375, y: 3.41000009}
      - {x: .444999993, y: 3.41000009}
      - {x: .465000004, y: 3.47000003}
      - {x: .444999993, y: 3.6099999}
      - {x: .425000012, y: 3.63000011}
      - {x: .344999999, y: 3.6500001}
      - {x: .144999996, y: 3.82999992}
      - {x: .104999997, y: 3.83999991}
      - {x: -.115000002, y: 3.83999991}
      - {x: -.264999986, y: 3.76999998}
      - {x: -.344999999, y: 3.66000009}
      - {x: -.395000011, y: 3.56999993}
      - {x: -.414999992, y: 3.3900001}
      - {x: -.455000013, y: 3.29999995}
      - {x: -.495000005, y: 3.13000011}
      - {x: -.545000017, y: 3.00999999}
      - {x: -.625, y: 2.88000011}
      - {x: -.975000024, y: 2.36999989}
      - {x: -.985000014, y: 2.20000005}
      - {x: -1.02499998, y: 2.04999995}
      - {x: -1.07500005, y: 1.79999995}
      - {x: -1.09500003, y: 1.58000004}
      - {x: -1.09500003, y: 1.15999997}
      - {x: -1.07500005, y: 1.04999995}
      - {x: -1.01499999, y: .920000017}
      - {x: -.915000021, y: .959999979}
      - {x: -.675000012, y: .680000007}
      - {x: -.375, y: .550000012}
      - {x: -.294999987, y: .49000001}
      - {x: -.294999987, y: .200000003}
      - {x: -.444999993, y: .0599999987}
      - {x: -.465000004, y: .0399999991}
      - {x: -.474999994, y: 0}
      - {x: -.38499999, y: 0}
      - {x: -.324999988, y: .0299999993}
      - {x: -.185000002, y: .159999996}
      - {x: -.185000002, y: .270000011}
--- !u!212 &21219768
SpriteRenderer:
  m_ObjectHideFlags: 1
  m_PrefabParentObject: {fileID: 0}
  m_PrefabInternal: {fileID: 100100000}
  m_GameObject: {fileID: 113338}
  m_Enabled: 1
  m_CastShadows: 0
  m_ReceiveShadows: 0
  m_Materials:
  - {fileID: 10754, guid: 0000000000000000e000000000000000, type: 0}
  m_SubsetIndices: 
  m_StaticBatchRoot: {fileID: 0}
  m_UseLightProbes: 0
  m_ReflectionProbeUsage: 0
  m_ProbeAnchor: {fileID: 0}
  m_ScaleInLightmap: 1
  m_PreserveUVs: 0
  m_ImportantGI: 0
  m_AutoUVMaxDistance: .5
  m_AutoUVMaxAngle: 89
  m_LightmapParameters: {fileID: 0}
  m_SortingLayerID: 0
  m_SortingOrder: 0
  m_Sprite: {fileID: 21300004, guid: 7a4736fd0d51036438180cc896a526f0, type: 3}
  m_Color: {r: 1, g: 1, b: 1, a: 1}
--- !u!212 &21233002
SpriteRenderer:
  m_ObjectHideFlags: 1
  m_PrefabParentObject: {fileID: 0}
  m_PrefabInternal: {fileID: 100100000}
  m_GameObject: {fileID: 179746}
  m_Enabled: 1
  m_CastShadows: 0
  m_ReceiveShadows: 0
  m_Materials:
  - {fileID: 10754, guid: 0000000000000000e000000000000000, type: 0}
  m_SubsetIndices: 
  m_StaticBatchRoot: {fileID: 0}
  m_UseLightProbes: 0
  m_ReflectionProbeUsage: 0
  m_ProbeAnchor: {fileID: 0}
  m_ScaleInLightmap: 1
  m_PreserveUVs: 0
  m_ImportantGI: 0
  m_AutoUVMaxDistance: .5
  m_AutoUVMaxAngle: 89
  m_LightmapParameters: {fileID: 0}
  m_SortingLayerID: 0
  m_SortingOrder: 0
  m_Sprite: {fileID: 21300006, guid: 7a4736fd0d51036438180cc896a526f0, type: 3}
  m_Color: {r: 1, g: 1, b: 1, a: 1}
--- !u!212 &21253458
SpriteRenderer:
  m_ObjectHideFlags: 1
  m_PrefabParentObject: {fileID: 0}
  m_PrefabInternal: {fileID: 100100000}
  m_GameObject: {fileID: 190466}
  m_Enabled: 1
  m_CastShadows: 0
  m_ReceiveShadows: 0
  m_Materials:
  - {fileID: 10754, guid: 0000000000000000e000000000000000, type: 0}
  m_SubsetIndices: 
  m_StaticBatchRoot: {fileID: 0}
  m_UseLightProbes: 0
  m_ReflectionProbeUsage: 0
  m_ProbeAnchor: {fileID: 0}
  m_ScaleInLightmap: 1
  m_PreserveUVs: 0
  m_ImportantGI: 0
  m_AutoUVMaxDistance: .5
  m_AutoUVMaxAngle: 89
  m_LightmapParameters: {fileID: 0}
  m_SortingLayerID: 0
  m_SortingOrder: 0
  m_Sprite: {fileID: 21300000, guid: 7a4736fd0d51036438180cc896a526f0, type: 3}
  m_Color: {r: 1, g: 1, b: 1, a: 1}
--- !u!212 &21259278
SpriteRenderer:
  m_ObjectHideFlags: 1
  m_PrefabParentObject: {fileID: 0}
  m_PrefabInternal: {fileID: 100100000}
  m_GameObject: {fileID: 161600}
  m_Enabled: 1
  m_CastShadows: 0
  m_ReceiveShadows: 0
  m_Materials:
  - {fileID: 10754, guid: 0000000000000000e000000000000000, type: 0}
  m_SubsetIndices: 
  m_StaticBatchRoot: {fileID: 0}
  m_UseLightProbes: 0
  m_ReflectionProbeUsage: 0
  m_ProbeAnchor: {fileID: 0}
  m_ScaleInLightmap: 1
  m_PreserveUVs: 0
  m_ImportantGI: 0
  m_AutoUVMaxDistance: .5
  m_AutoUVMaxAngle: 89
  m_LightmapParameters: {fileID: 0}
  m_SortingLayerID: 0
  m_SortingOrder: 0
  m_Sprite: {fileID: 21300002, guid: 7a4736fd0d51036438180cc896a526f0, type: 3}
  m_Color: {r: 1, g: 1, b: 1, a: 1}
--- !u!1001 &100100000
Prefab:
  m_ObjectHideFlags: 1
  serializedVersion: 2
  m_Modification:
    m_TransformParent: {fileID: 0}
    m_Modifications:
    - target: {fileID: 0}
      propertyPath: m_SortingOrder
      value: 0
      objectReference: {fileID: 0}
    m_RemovedComponents: []
  m_ParentPrefab: {fileID: 0}
  m_RootGameObject: {fileID: 162722}
  m_IsPrefabParent: 1
