%YAML 1.1
%TAG !u! tag:unity3d.com,2011:
--- !u!1 &107832
GameObject:
  m_ObjectHideFlags: 0
  m_PrefabParentObject: {fileID: 0}
  m_PrefabInternal: {fileID: 100100000}
  serializedVersion: 4
  m_Component:
  - 4: {fileID: 482850}
  - 212: {fileID: 21223802}
  - 114: {fileID: 11434112}
  - 61: {fileID: 6128186}
  - 114: {fileID: 11479278}
  - 114: {fileID: 11471770}
  - 114: {fileID: 11480906}
  m_Layer: 18
  m_Name: Gas
  m_TagString: Untagged
  m_Icon: {fileID: 0}
  m_NavMeshLayer: 0
  m_StaticEditorFlags: 0
  m_IsActive: 1
--- !u!1 &115646
GameObject:
  m_ObjectHideFlags: 0
  m_PrefabParentObject: {fileID: 0}
  m_PrefabInternal: {fileID: 100100000}
  serializedVersion: 4
  m_Component:
  - 4: {fileID: 424354}
  m_Layer: 16
  m_Name: Pickup
  m_TagString: Untagged
  m_Icon: {fileID: 0}
  m_NavMeshLayer: 0
  m_StaticEditorFlags: 0
  m_IsActive: 1
--- !u!1 &140378
GameObject:
  m_ObjectHideFlags: 0
  m_PrefabParentObject: {fileID: 0}
  m_PrefabInternal: {fileID: 100100000}
  serializedVersion: 4
  m_Component:
  - 4: {fileID: 410430}
  - 212: {fileID: 21244210}
  - 114: {fileID: 11412282}
  - 114: {fileID: 11474010}
  - 114: {fileID: 11401488}
  - 61: {fileID: 6134188}
  - 114: {fileID: 11474630}
  - 114: {fileID: 11445184}
  m_Layer: 18
  m_Name: Beer
  m_TagString: Untagged
  m_Icon: {fileID: 0}
  m_NavMeshLayer: 0
  m_StaticEditorFlags: 0
  m_IsActive: 1
--- !u!1 &145382
GameObject:
  m_ObjectHideFlags: 0
  m_PrefabParentObject: {fileID: 0}
  m_PrefabInternal: {fileID: 100100000}
  serializedVersion: 4
  m_Component:
  - 4: {fileID: 448244}
  - 212: {fileID: 21240232}
  - 114: {fileID: 11409726}
  - 114: {fileID: 11480868}
  - 114: {fileID: 11428976}
  - 61: {fileID: 6103922}
  m_Layer: 19
  m_Name: TV
  m_TagString: Untagged
  m_Icon: {fileID: 0}
  m_NavMeshLayer: 0
  m_StaticEditorFlags: 0
  m_IsActive: 1
--- !u!4 &410430
Transform:
  m_ObjectHideFlags: 1
  m_PrefabParentObject: {fileID: 0}
  m_PrefabInternal: {fileID: 100100000}
  m_GameObject: {fileID: 140378}
  m_LocalRotation: {x: 0, y: 0, z: 0, w: 1}
  m_LocalPosition: {x: 1, y: -0.019999968, z: 0}
  m_LocalScale: {x: 0.074, y: 0.074, z: 0.074}
  m_Children: []
  m_Father: {fileID: 424354}
  m_RootOrder: 0
--- !u!4 &424354
Transform:
  m_ObjectHideFlags: 1
  m_PrefabParentObject: {fileID: 0}
  m_PrefabInternal: {fileID: 100100000}
  m_GameObject: {fileID: 115646}
  m_LocalRotation: {x: 0, y: 0, z: 0, w: 1}
  m_LocalPosition: {x: -2.974472, y: -2.2351227, z: 0}
  m_LocalScale: {x: 1.9081271, y: 1.9081266, z: 1.9081266}
  m_Children:
  - {fileID: 410430}
  - {fileID: 482850}
  - {fileID: 448244}
  m_Father: {fileID: 0}
  m_RootOrder: 0
--- !u!4 &448244
Transform:
  m_ObjectHideFlags: 1
  m_PrefabParentObject: {fileID: 0}
  m_PrefabInternal: {fileID: 100100000}
  m_GameObject: {fileID: 145382}
  m_LocalRotation: {x: 0, y: 0, z: 0, w: 1}
  m_LocalPosition: {x: 0.070371, y: -0.0035501, z: 0}
  m_LocalScale: {x: 0.073215656, y: 0.073215656, z: 0.073215656}
  m_Children: []
  m_Father: {fileID: 424354}
  m_RootOrder: 2
--- !u!4 &482850
Transform:
  m_ObjectHideFlags: 1
  m_PrefabParentObject: {fileID: 0}
  m_PrefabInternal: {fileID: 100100000}
  m_GameObject: {fileID: 107832}
  m_LocalRotation: {x: 0, y: 0, z: 0, w: 1}
  m_LocalPosition: {x: 0.53162, y: -0.025513, z: 0}
  m_LocalScale: {x: 0.074, y: 0.074, z: 0.074}
  m_Children: []
  m_Father: {fileID: 424354}
  m_RootOrder: 1
--- !u!61 &6103922
BoxCollider2D:
  m_ObjectHideFlags: 1
  m_PrefabParentObject: {fileID: 0}
  m_PrefabInternal: {fileID: 100100000}
  m_GameObject: {fileID: 145382}
  m_Enabled: 1
  m_Density: 1
  m_Material: {fileID: 0}
  m_IsTrigger: 1
  m_UsedByEffector: 0
  m_Offset: {x: -0.1, y: 0.0000023596092}
  serializedVersion: 2
  m_Size: {x: 7.93, y: 8.82}
--- !u!61 &6128186
BoxCollider2D:
  m_ObjectHideFlags: 1
  m_PrefabParentObject: {fileID: 0}
  m_PrefabInternal: {fileID: 100100000}
  m_GameObject: {fileID: 107832}
  m_Enabled: 1
  m_Density: 1
  m_Material: {fileID: 0}
  m_IsTrigger: 1
  m_UsedByEffector: 0
  m_Offset: {x: -0.1, y: 0.16277356}
  serializedVersion: 2
  m_Size: {x: 6.42, y: 7.924186}
--- !u!61 &6134188
BoxCollider2D:
  m_ObjectHideFlags: 1
  m_PrefabParentObject: {fileID: 0}
  m_PrefabInternal: {fileID: 100100000}
  m_GameObject: {fileID: 140378}
  m_Enabled: 1
  m_Density: 1
  m_Material: {fileID: 0}
  m_IsTrigger: 1
  m_UsedByEffector: 0
  m_Offset: {x: -0.1, y: -0.10326024}
  serializedVersion: 2
  m_Size: {x: 5.53, y: 7.6252327}
--- !u!114 &11401488
MonoBehaviour:
  m_ObjectHideFlags: 1
  m_PrefabParentObject: {fileID: 0}
  m_PrefabInternal: {fileID: 100100000}
  m_GameObject: {fileID: 140378}
  m_Enabled: 1
  m_EditorHideFlags: 0
  m_Script: {fileID: 11500000, guid: 6ed1653f1c1b5ba41b732f7cebbfd4ae, type: 3}
  m_Name: 
  m_EditorClassIdentifier: 
  Normal: {fileID: 21300000, guid: dad6f72c700587048be87904adde1293, type: 3}
  Feedback: {fileID: 21300000, guid: 9c6bb841c0555bd4aab22e905231c6be, type: 3}
--- !u!114 &11409726
MonoBehaviour:
  m_ObjectHideFlags: 1
  m_PrefabParentObject: {fileID: 0}
  m_PrefabInternal: {fileID: 100100000}
  m_GameObject: {fileID: 145382}
  m_Enabled: 0
  m_EditorHideFlags: 0
  m_Script: {fileID: 11500000, guid: 0345160410c273547ab43bb4fbb8a8c6, type: 3}
  m_Name: 
  m_EditorClassIdentifier: 
  radius: 0.7
  collisionCheckMask:
    serializedVersion: 2
    m_Bits: 163840
--- !u!114 &11412282
MonoBehaviour:
  m_ObjectHideFlags: 1
  m_PrefabParentObject: {fileID: 0}
  m_PrefabInternal: {fileID: 100100000}
  m_GameObject: {fileID: 140378}
  m_Enabled: 1
  m_EditorHideFlags: 0
  m_Script: {fileID: 11500000, guid: 0345160410c273547ab43bb4fbb8a8c6, type: 3}
  m_Name: 
  m_EditorClassIdentifier: 
  radius: 0.5
  collisionCheckMask:
    serializedVersion: 2
    m_Bits: 688128
--- !u!114 &11428976
MonoBehaviour:
  m_ObjectHideFlags: 1
  m_PrefabParentObject: {fileID: 0}
  m_PrefabInternal: {fileID: 100100000}
  m_GameObject: {fileID: 145382}
  m_Enabled: 1
  m_EditorHideFlags: 0
  m_Script: {fileID: 11500000, guid: 6ed1653f1c1b5ba41b732f7cebbfd4ae, type: 3}
  m_Name: 
  m_EditorClassIdentifier: 
  Normal: {fileID: 21300000, guid: 8b0714510ae1a8f4eafa4f33cc0dd4f9, type: 3}
  Feedback: {fileID: 21300000, guid: bbd5fb81bda189a41a2f92acdb63da81, type: 3}
--- !u!114 &11434112
MonoBehaviour:
  m_ObjectHideFlags: 1
  m_PrefabParentObject: {fileID: 0}
  m_PrefabInternal: {fileID: 100100000}
  m_GameObject: {fileID: 107832}
  m_Enabled: 1
  m_EditorHideFlags: 0
  m_Script: {fileID: 11500000, guid: 6ed1653f1c1b5ba41b732f7cebbfd4ae, type: 3}
  m_Name: 
  m_EditorClassIdentifier: 
  Normal: {fileID: 21300000, guid: 269c411823d442c4facddbceb5cba1e4, type: 3}
  Feedback: {fileID: 21300000, guid: 380d581f962893e479bee7431708a913, type: 3}
--- !u!114 &11445184
MonoBehaviour:
  m_ObjectHideFlags: 1
  m_PrefabParentObject: {fileID: 0}
  m_PrefabInternal: {fileID: 100100000}
  m_GameObject: {fileID: 140378}
  m_Enabled: 1
  m_EditorHideFlags: 0
  m_Script: {fileID: 11500000, guid: 0781ff3b17b4c4241a1b0b31c8a4e871, type: 3}
  m_Name: 
  m_EditorClassIdentifier: 
  radius: 0.5
  collisionCheckMask:
    serializedVersion: 2
    m_Bits: 688128
  normal: {fileID: 21300000, guid: dad6f72c700587048be87904adde1293, type: 3}
--- !u!114 &11471770
MonoBehaviour:
  m_ObjectHideFlags: 1
  m_PrefabParentObject: {fileID: 0}
  m_PrefabInternal: {fileID: 100100000}
  m_GameObject: {fileID: 107832}
  m_Enabled: 1
  m_EditorHideFlags: 0
  m_Script: {fileID: 11500000, guid: 7212585c4d538bb458406dca17be3015, type: 3}
  m_Name: 
  m_EditorClassIdentifier: 
  normal: {fileID: 21300000, guid: 269c411823d442c4facddbceb5cba1e4, type: 3}
--- !u!114 &11474010
MonoBehaviour:
  m_ObjectHideFlags: 1
  m_PrefabParentObject: {fileID: 0}
  m_PrefabInternal: {fileID: 100100000}
  m_GameObject: {fileID: 140378}
  m_Enabled: 1
  m_EditorHideFlags: 0
  m_Script: {fileID: 11500000, guid: 4cd7d6aad31ad42409be15ababb26792, type: 3}
  m_Name: 
  m_EditorClassIdentifier: 
--- !u!114 &11474630
MonoBehaviour:
  m_ObjectHideFlags: 1
  m_PrefabParentObject: {fileID: 0}
  m_PrefabInternal: {fileID: 100100000}
  m_GameObject: {fileID: 140378}
  m_Enabled: 1
  m_EditorHideFlags: 0
  m_Script: {fileID: 11500000, guid: 7212585c4d538bb458406dca17be3015, type: 3}
  m_Name: 
  m_EditorClassIdentifier: 
  normal: {fileID: 21300000, guid: dad6f72c700587048be87904adde1293, type: 3}
--- !u!114 &11479278
MonoBehaviour:
  m_ObjectHideFlags: 1
  m_PrefabParentObject: {fileID: 0}
  m_PrefabInternal: {fileID: 100100000}
  m_GameObject: {fileID: 107832}
  m_Enabled: 1
  m_EditorHideFlags: 0
  m_Script: {fileID: 11500000, guid: 4cd7d6aad31ad42409be15ababb26792, type: 3}
  m_Name: 
  m_EditorClassIdentifier: 
--- !u!114 &11480868
MonoBehaviour:
  m_ObjectHideFlags: 1
  m_PrefabParentObject: {fileID: 0}
  m_PrefabInternal: {fileID: 100100000}
  m_GameObject: {fileID: 145382}
  m_Enabled: 1
  m_EditorHideFlags: 0
  m_Script: {fileID: 11500000, guid: 894e3bb556118344ba9cf4f40b0c88e5, type: 3}
  m_Name: 
  m_EditorClassIdentifier: 
--- !u!114 &11480906
MonoBehaviour:
  m_ObjectHideFlags: 1
  m_PrefabParentObject: {fileID: 0}
  m_PrefabInternal: {fileID: 100100000}
  m_GameObject: {fileID: 107832}
  m_Enabled: 1
  m_EditorHideFlags: 0
  m_Script: {fileID: 11500000, guid: 0781ff3b17b4c4241a1b0b31c8a4e871, type: 3}
  m_Name: 
  m_EditorClassIdentifier: 
  radius: 0.5
  collisionCheckMask:
    serializedVersion: 2
    m_Bits: 688128
  normal: {fileID: 21300000, guid: 269c411823d442c4facddbceb5cba1e4, type: 3}
--- !u!212 &21223802
SpriteRenderer:
  m_ObjectHideFlags: 1
  m_PrefabParentObject: {fileID: 0}
  m_PrefabInternal: {fileID: 100100000}
  m_GameObject: {fileID: 107832}
  m_Enabled: 1
  m_CastShadows: 0
  m_ReceiveShadows: 0
  m_Materials:
  - {fileID: 10754, guid: 0000000000000000e000000000000000, type: 0}
  m_SubsetIndices: 
  m_StaticBatchRoot: {fileID: 0}
  m_UseLightProbes: 0
  m_ReflectionProbeUsage: 0
  m_ProbeAnchor: {fileID: 0}
  m_ScaleInLightmap: 1
  m_PreserveUVs: 0
  m_IgnoreNormalsForChartDetection: 0
  m_ImportantGI: 0
  m_MinimumChartSize: 4
  m_AutoUVMaxDistance: 0.5
  m_AutoUVMaxAngle: 89
  m_LightmapParameters: {fileID: 0}
  m_SortingLayerID: 0
  m_SortingOrder: 0
  m_Sprite: {fileID: 21300000, guid: 269c411823d442c4facddbceb5cba1e4, type: 3}
  m_Color: {r: 1, g: 1, b: 1, a: 1}
  m_FlipX: 0
  m_FlipY: 0
--- !u!212 &21240232
SpriteRenderer:
  m_ObjectHideFlags: 1
  m_PrefabParentObject: {fileID: 0}
  m_PrefabInternal: {fileID: 100100000}
  m_GameObject: {fileID: 145382}
  m_Enabled: 1
  m_CastShadows: 0
  m_ReceiveShadows: 0
  m_Materials:
  - {fileID: 10754, guid: 0000000000000000e000000000000000, type: 0}
  m_SubsetIndices: 
  m_StaticBatchRoot: {fileID: 0}
  m_UseLightProbes: 0
  m_ReflectionProbeUsage: 0
  m_ProbeAnchor: {fileID: 0}
  m_ScaleInLightmap: 1
  m_PreserveUVs: 0
  m_IgnoreNormalsForChartDetection: 0
  m_ImportantGI: 0
  m_MinimumChartSize: 4
  m_AutoUVMaxDistance: 0.5
  m_AutoUVMaxAngle: 89
  m_LightmapParameters: {fileID: 0}
  m_SortingLayerID: 0
  m_SortingOrder: 0
  m_Sprite: {fileID: 21300000, guid: 56629dd0696002f4c9b97add75143114, type: 3}
  m_Color: {r: 1, g: 1, b: 1, a: 1}
  m_FlipX: 0
  m_FlipY: 0
--- !u!212 &21244210
SpriteRenderer:
  m_ObjectHideFlags: 1
  m_PrefabParentObject: {fileID: 0}
  m_PrefabInternal: {fileID: 100100000}
  m_GameObject: {fileID: 140378}
  m_Enabled: 1
  m_CastShadows: 0
  m_ReceiveShadows: 0
  m_Materials:
  - {fileID: 10754, guid: 0000000000000000e000000000000000, type: 0}
  m_SubsetIndices: 
  m_StaticBatchRoot: {fileID: 0}
  m_UseLightProbes: 0
  m_ReflectionProbeUsage: 0
  m_ProbeAnchor: {fileID: 0}
  m_ScaleInLightmap: 1
  m_PreserveUVs: 0
  m_IgnoreNormalsForChartDetection: 0
  m_ImportantGI: 0
  m_MinimumChartSize: 4
  m_AutoUVMaxDistance: 0.5
  m_AutoUVMaxAngle: 89
  m_LightmapParameters: {fileID: 0}
  m_SortingLayerID: 0
  m_SortingOrder: 0
  m_Sprite: {fileID: 21300000, guid: dad6f72c700587048be87904adde1293, type: 3}
  m_Color: {r: 1, g: 1, b: 1, a: 1}
  m_FlipX: 0
  m_FlipY: 0
--- !u!1001 &100100000
Prefab:
  m_ObjectHideFlags: 1
  serializedVersion: 2
  m_Modification:
    m_TransformParent: {fileID: 0}
    m_Modifications: []
    m_RemovedComponents: []
  m_ParentPrefab: {fileID: 0}
  m_RootGameObject: {fileID: 115646}
  m_IsPrefabParent: 1
